

@article{relevanseek,
	title={{Relevanseek: Determining relevant images from HTML source}},
	author={David Zhang},
	year={2013}
}

@misc{diffbot,
	title={{ Diffbotâ€™s Machine Learning Challenge}},
	author={Diffbot Technologies},
	year={2013},
	note = {on-line at: \url{https://www.diffbot.com/robotlab/DiffbotContest/}},		
}

@misc{bs4,
	title={{Beautiful Soup 4 Documentation}},
	note = {\url{https://www.diffbot.com/robotlab/DiffbotContest/}}
}

@misc{sklearn,
	title={{Documentation of scikit-learn}},
	note = {\url{http://scikit-learn.org/stable/documentation.html}}
}

@misc{lxml,
	title={{lxml - XML and HTML with Python}},
	note = {\url{https://lxml.de/}}
}


